<record><leader>00000cas a22000007a 4500</leader><controlfield tag="001">14063871</controlfield><controlfield tag="008">860808d190119uukyuwr ne      0    0eng d</controlfield><datafield ind1=" " ind2=" " tag="010"><subfield code="a">sn 86069370 </subfield></datafield><datafield ind1=" " ind2=" " tag="040"><subfield code="a">KNP</subfield><subfield code="b">eng</subfield><subfield code="c">KNP</subfield><subfield code="d">NVF</subfield><subfield code="d">OCLCQ</subfield><subfield code="d">NVF</subfield><subfield code="d">OCLCQ</subfield><subfield code="d">OCLCF</subfield><subfield code="d">OCLCO</subfield></datafield><datafield ind1="1" ind2=" " tag="029"><subfield code="a">AU@</subfield><subfield code="b">000025824212</subfield></datafield><datafield ind1=" " ind2=" " tag="042"><subfield code="a">msc</subfield></datafield><datafield ind1=" " ind2=" " tag="043"><subfield code="a">n-us-ky</subfield></datafield><datafield ind1="0" ind2=" " tag="130"><subfield code="a">Fairview review (Fairview, Ky. : 1901)</subfield></datafield><datafield ind1="1" ind2="0" tag="245"><subfield code="a">Fairview review.</subfield></datafield><datafield ind1="1" ind2="3" tag="246"><subfield code="a">Review</subfield></datafield><datafield ind1=" " ind2=" " tag="260"><subfield code="a">Fairview, Ky. :</subfield><subfield code="b">[W.B. Brewer]</subfield></datafield><datafield ind1=" " ind2=" " tag="300"><subfield code="a">v. :</subfield><subfield code="b">ill.</subfield></datafield><datafield ind1=" " ind2=" " tag="310"><subfield code="a">Weekly</subfield></datafield><datafield ind1="1" ind2=" " tag="362"><subfield code="a">Began in 1901.</subfield></datafield><datafield ind1=" " ind2=" " tag="500"><subfield code="a">Issues for Apr. 3-June 5, 1903; Dec. 25, 1903; and Jan. 29-Mar. 4, 1904 carry title: The Review.</subfield></datafield><datafield ind1=" " ind2=" " tag="588"><subfield code="a">Description based on: Vol. 8, no. 3 (Sept. 20, 1901).</subfield></datafield><datafield ind1=" " ind2=" " tag="588"><subfield code="a">Latest issue consulted: Aug. 30, 1907.</subfield></datafield><datafield ind1=" " ind2="0" tag="651"><subfield code="a">Pembroke (Ky.)</subfield><subfield code="v">Newspapers.</subfield></datafield><datafield ind1=" " ind2="0" tag="651"><subfield code="a">Christian County (Ky.)</subfield><subfield code="v">Newspapers.</subfield></datafield><datafield ind1=" " ind2="4" tag="651"><subfield code="a">Fairview (Ky.)</subfield><subfield code="v">Newspapers.</subfield></datafield><datafield ind1=" " ind2="7" tag="655"><subfield code="a">Newspapers.</subfield><subfield code="2">fast</subfield><subfield code="0">(OCoLC)fst01423814</subfield></datafield><datafield ind1=" " ind2="7" tag="651"><subfield code="a">Kentucky</subfield><subfield code="z">Christian County.</subfield><subfield code="2">fast</subfield><subfield code="0">(OCoLC)fst01206905</subfield></datafield><datafield ind1=" " ind2="7" tag="651"><subfield code="a">Kentucky</subfield><subfield code="z">Pembroke.</subfield><subfield code="2">fast</subfield><subfield code="0">(OCoLC)fst01252730</subfield></datafield><datafield ind1=" " ind2=" " tag="752"><subfield code="a">United States</subfield><subfield code="b">Kentucky</subfield><subfield code="c">Christian</subfield><subfield code="d">Fairview.</subfield></datafield><datafield ind1="0" ind2="0" tag="780"><subfield code="t">Review (Pembroke, Ky. : 1899)</subfield><subfield code="w">(DLC)sn 86069371</subfield><subfield code="w">(OCoLC)14052517</subfield></datafield></record>